
@misc{aluminum_spec,
  title = {Aluminum Specification and Information},
  howpublished = {\url{https://asm.matweb.com/search/SpecificMaterial.asp?bassnum=ma6061t6}},
  note = {Accessed: 2024-05-31}
}

@misc{pla_spec,
    title = {PLA Specification Data Sheet},
    howpublished = {\url{https://asm.matweb.com/search/SpecificMaterial.asp?bassnum=ma6061t6}},
    note = {Accessed: 2024-05-31}
}

@misc{pla_spec_ultimaker,
    title = {PLA Specification Data Sheet From Ultimaker},
    howpublished = {\url{https://thes3d.gr/wp-content/uploads/2016/09/TDS-PLAv2.001.pdf}},
    note = {Accessed: 2024-05-31}
}

@misc{fusion_deposition_modeling,
    title = {Fusion Deposition Modeling Definition},
    howpublished = {\url{https://de.wikipedia.org/wiki/Fused_Deposition_Modeling}},
    note = {Accessed: 2024-05-31}
}

@misc{T6_roughness_wiki,
    title = {T6 6061 Aluminum Alloy Roughness},
    howpublished = {\url{https://en.wikipedia.org/wiki/6061_aluminium_alloy}},
    note = {Accessed: 2024-05-31}
}